@Manual {user-modeling-approach, 
        author    = {Colak, Ilhami and Sagiroglu, Seref and Kahraman, H. Tolga},
        title     = {A User Modeling Approach to Web Based Adaptive Educational Hypermedia Systems},
        url       = {https://ieeexplore.ieee.org/document/4725051},
        publisher = {IEEE},
        year      = {2008},
} 
@Manual {knowledge-based-systems,
         author       = {Kahraman, H. Tolga and Sagiroglu, Seref and Colak, Ilhami},
         title        = {The Development of Intuitive Knowledge Classifier and the Modeling of Domain Dependent Data},
         url          = {https://doi.org/10.1016/j.knosys.2012.08.009},
         publisher    = {Elsevier Science Publishers B. V.},
         year         = {2013},
         month        = {Jan},      
}

@Manual {development-adaptive-edu-sys, 
         author    = {Kahraman, H. Tolga and Sagiroglu, Seref and Colak, Ilhami} ,
         title     = {Development of adaptive and intelligent web-based educational systems}, 
         url       = {https://ieeexplore.ieee.org/abstract/document/5612054?casa_token=7H8SL8Adw_MAAAAA:XQdCJf7zvfJu8qtptRvqpyvEC7fuiGU1phE5tjqI_yh7dX9iGerXpv58scy5mBPrWmX6dVaG},
         publisher = {IEEE},
         year      = {2010},
} 
@Manual {init-student-models, 
         author    = {Victoria Tsiriga & Maria Virvou},
         title     = {A framework for the initialization of student models in web-based intelligent tutoring systems. User Modeling and User-Adapted Interaction},
         url       = {https://link.springer.com/article/10.1023/B:USER.0000043396.14788.cc#citeas},
         year      = {2004},
         month     = {Jan},
} 
@Manual {results-supportive, 
         author    = {E. AshbyPlant, K. AndersEricsson, and LenHillKiaAsberg},
         title     = {Why study time does not predict grade point average across college students: Implications of deliberate practice for academic performance},
         url       = {https://doi.org/10.1016/j.cedpsych.2004.06.001},
         page      = {96-116},
         year      = {2005},
         month     = {Jan},
}
@Manual {discussion-supportive, 
         author    = {Sarath A. Nonis & Gail I. Hudson},
         title     = {Academic Performance of College Students: Influence of Time Spent Studying and Working},
         url       = {https://doi.org/10.3200/JOEB.81.3.151-159},
         page      = {151-159},
         year      = {2010},
         month     = {Aug},
}

@misc {student-performance, 
         author  = {Kahraman, H. Tolga and Sagiroglu, Seref and Colak, Ilhami},   
         title   = {User Knowledge Modeling Data Set},
         url     = {https://archive.ics.uci.edu/ml/datasets/User+Knowledge+Modeling#},
         year    = {2009},
         month   = {Oct},
         howpublished = {UCI Machine Learning Repository},
} 